<?xml version="1.0"?>
<marc:collection xmlns:marc="http://www.loc.gov/MARC21/slim" xmlns:xsi="http://www.w3.org/2001/XMLSchema-instance" xsi:schemaLocation="http://www.loc.gov/MARC21/slim http://www.loc.gov/standards/marcxml/schema/MARC21slim.xsd">
   <marc:record type="Bibliographic">
      <marc:leader>02156cam a2200397 a 4500</marc:leader>
      <marc:controlfield tag="001">2850286</marc:controlfield>
      <marc:controlfield tag="003">NjP</marc:controlfield>
      <marc:controlfield tag="005">20150109131248.0</marc:controlfield>
      <marc:controlfield tag="008">000330s1895    mr            000 0 ara d</marc:controlfield>
      <marc:datafield tag="024" ind1="7" ind2=" ">
         <marc:subfield code="a">princeton_aco000089</marc:subfield>
         <marc:subfield code="2">local</marc:subfield>
      </marc:datafield>
      <marc:datafield tag="035" ind1=" " ind2=" ">
         <marc:subfield code="a">(OCoLC)ocn178248357</marc:subfield>
      </marc:datafield>
      <marc:datafield tag="035" ind1=" " ind2=" ">
         <marc:subfield code="a">(OCoLC)178248357</marc:subfield>
      </marc:datafield>
      <marc:datafield tag="035" ind1=" " ind2=" ">
         <marc:subfield code="9">CNT5636TS</marc:subfield>
      </marc:datafield>
      <marc:datafield tag="035" ind1=" " ind2=" ">
         <marc:subfield code="a">(NjP)2850286</marc:subfield>
      </marc:datafield>
      <marc:datafield tag="040" ind1=" " ind2=" ">
         <marc:subfield code="a">NjP</marc:subfield>
         <marc:subfield code="c">PUL</marc:subfield>
         <marc:subfield code="d">PUL</marc:subfield>
      </marc:datafield>
      <marc:datafield tag="049" ind1=" " ind2=" ">
         <marc:subfield code="a">PULL</marc:subfield>
      </marc:datafield>
      <marc:datafield tag="079" ind1=" " ind2=" ">
         <marc:subfield code="a">ocm60354582</marc:subfield>
      </marc:datafield>
      <marc:datafield tag="100" ind1="1" ind2=" ">
         <marc:subfield code="6">880-01</marc:subfield>
         <marc:subfield code="a">Balghaythi&#x304;, Ah&#x323;mad bin al-Ma&#x2BC;mu&#x304;n,</marc:subfield>
         <marc:subfield code="d">-1929 or 1930.</marc:subfield>
      </marc:datafield>
      <marc:datafield tag="240" ind1="1" ind2="0">
         <marc:subfield code="6">880-02</marc:subfield>
         <marc:subfield code="a">Sharh&#x323; &#x2BB;ala&#x301; Ma&#x2BB;a&#x304;ni&#x304; h&#x323;uru&#x304;f al-jarr</marc:subfield>
      </marc:datafield>
      <marc:datafield tag="245" ind1="1" ind2="0">
         <marc:subfield code="6">880-03</marc:subfield>
         <marc:subfield code="a">Ha&#x304;dha&#x304; Sharh&#x323; al-faqi&#x304;r ila&#x301; mawla&#x304;hi ka&#x304;na Alla&#x304;h la-hu wa-awla&#x304;hi Ah&#x323;mad bin al-Ma&#x2BC;mu&#x304;n al-H&#x323;asani&#x304; al-&#x2BB;Alawi&#x304; al-Balghaythi&#x304; ... &#x2BB;ala&#x301; naz&#x323;mihi fi&#x304; Ma&#x2BB;a&#x304;ni&#x304; h&#x323;uru&#x304;f al-jarr. Sharh&#x323; a&#x304;khar mukhtas&#x323;ar la-hu ayd&#x323;an.</marc:subfield>
      </marc:datafield>
      <marc:datafield tag="246" ind1="3" ind2="0">
         <marc:subfield code="6">880-04</marc:subfield>
         <marc:subfield code="a">Sharh&#x323; Ah&#x323;mad bin al-Ma&#x2BC;mu&#x304;n al-H&#x323;asani&#x304; al-&#x2BB;Alawi&#x304; al-Balghaythi&#x304; &#x2BB;ala&#x301; naz&#x323;mihi fi&#x304; Ma&#x2BB;a&#x304;ni&#x304; h&#x323;uru&#x304;f al-jarr</marc:subfield>
      </marc:datafield>
      <marc:datafield tag="260" ind1=" " ind2=" ">
         <marc:subfield code="6">880-05</marc:subfield>
         <marc:subfield code="a">[Morocco :</marc:subfield>
         <marc:subfield code="b">s.n.],</marc:subfield>
         <marc:subfield code="c">1313 [1895]</marc:subfield>
      </marc:datafield>
      <marc:datafield tag="300" ind1=" " ind2=" ">
         <marc:subfield code="a">115 p. ;</marc:subfield>
         <marc:subfield code="c">24 cm.</marc:subfield>
      </marc:datafield>
      <marc:datafield tag="600" ind1="1" ind2="0">
         <marc:subfield code="6">880-06</marc:subfield>
         <marc:subfield code="a">Balghaythi&#x304;, Ah&#x323;mad bin al-Ma&#x2BC;mu&#x304;n,</marc:subfield>
         <marc:subfield code="d">-1929 or 1930.</marc:subfield>
         <marc:subfield code="t">Ma&#x2BB;a&#x304;ni&#x304; h&#x323;uru&#x304;f al-jarr.</marc:subfield>
      </marc:datafield>
      <marc:datafield tag="650" ind1=" " ind2="0">
         <marc:subfield code="a">Arabic language</marc:subfield>
         <marc:subfield code="x">Prepositions.</marc:subfield>
      </marc:datafield>
      <marc:datafield tag="655" ind1=" " ind2="7">
         <marc:subfield code="a">Lithographs</marc:subfield>
         <marc:subfield code="z">Morocco</marc:subfield>
         <marc:subfield code="y">1895</marc:subfield>
         <marc:subfield code="2">gmgpc</marc:subfield>
      </marc:datafield>
      <marc:datafield tag="880" ind1="1" ind2=" ">
         <marc:subfield code="6">100-01/r</marc:subfield>
         <marc:subfield code="a">&#x628;&#x644;&#x63A;&#x64A;&#x62B;&#x64A;&#x60C; &#x627;&#x62D;&#x645;&#x62F; &#x628;&#x646; &#x627;&#x644;&#x645;&#x623;&#x645;&#x648;&#x646;&#x60C;</marc:subfield>
         <marc:subfield code="d">-1929 or 1930.</marc:subfield>
      </marc:datafield>
      <marc:datafield tag="880" ind1="1" ind2="0">
         <marc:subfield code="6">240-02/r</marc:subfield>
         <marc:subfield code="a">&#x634;&#x631;&#x62D; &#x639;&#x644;&#x649; &#x645;&#x639;&#x627;&#x646;&#x64A; &#x62D;&#x631;&#x648;&#x641; &#x627;&#x644;&#x62C;&#x631;</marc:subfield>
      </marc:datafield>
      <marc:datafield tag="880" ind1="1" ind2="0">
         <marc:subfield code="6">245-03/r</marc:subfield>
         <marc:subfield code="a">&#x647;&#x630;&#x627; &#x634;&#x631;&#x62D; &#x627;&#x644;&#x641;&#x642;&#x64A;&#x631; &#x627;&#x644;&#x649; &#x645;&#x648;&#x644;&#x627;&#x647; &#x643;&#x627;&#x646; &#x627;&#x644;&#x644;&#x647; &#x644;&#x647; &#x648;&#x627;&#x648;&#x644;&#x627;&#x647; &#x627;&#x62D;&#x645;&#x62F; &#x628;&#x646; &#x627;&#x644;&#x645;&#x623;&#x645;&#x648;&#x646; &#x627;&#x644;&#x62D;&#x633;&#x646;&#x64A; &#x627;&#x644;&#x639;&#x644;&#x648;&#x64A; &#x627;&#x644;&#x628;&#x644;&#x63A;&#x64A;&#x62B;&#x64A; ... &#x639;&#x644;&#x649; &#x646;&#x638;&#x645;&#x647; &#x641;&#x64A; &#x645;&#x639;&#x627;&#x646;&#x64A; &#x62D;&#x631;&#x648;&#x641; &#x627;&#x644;&#x62C;&#x631;. &#x634;&#x631;&#x62D; &#x622;&#x62E;&#x631; &#x645;&#x62E;&#x62A;&#x635;&#x631; &#x644;&#x647; &#x627;&#x64A;&#x636;&#x646;.</marc:subfield>
      </marc:datafield>
      <marc:datafield tag="880" ind1="3" ind2="0">
         <marc:subfield code="6">246-04/r</marc:subfield>
         <marc:subfield code="a">&#x634;&#x631;&#x62D; &#x627;&#x62D;&#x645;&#x62F; &#x628;&#x646; &#x627;&#x644;&#x645;&#x623;&#x645;&#x648;&#x646; &#x627;&#x644;&#x62D;&#x633;&#x646;&#x64A; &#x627;&#x644;&#x639;&#x644;&#x648;&#x64A; &#x627;&#x644;&#x628;&#x644;&#x63A;&#x64A;&#x62B;&#x64A; &#x639;&#x644;&#x649; &#x646;&#x638;&#x645;&#x647; &#x641;&#x64A; &#x645;&#x639;&#x627;&#x646;&#x64A; &#x62D;&#x631;&#x648;&#x641; &#x627;&#x644;&#x62C;&#x631;</marc:subfield>
      </marc:datafield>
      <marc:datafield tag="880" ind1=" " ind2=" ">
         <marc:subfield code="6">260-05/r</marc:subfield>
         <marc:subfield code="a">[&#x645;&#x63A;&#x631;&#x628; :</marc:subfield>
         <marc:subfield code="b">&#x633;.&#x646;.]&#x60C;</marc:subfield>
         <marc:subfield code="c">1313 [1895]</marc:subfield>
      </marc:datafield>
      <marc:datafield tag="880" ind1="1" ind2="4">
         <marc:subfield code="6">600-06/r</marc:subfield>
         <marc:subfield code="a">&#x628;&#x644;&#x63A;&#x64A;&#x62B;&#x64A;&#x60C; &#x627;&#x62D;&#x645;&#x62F; &#x628;&#x646; &#x627;&#x644;&#x645;&#x623;&#x645;&#x648;&#x646;&#x60C;</marc:subfield>
         <marc:subfield code="d">-1929 or 1930.</marc:subfield>
         <marc:subfield code="t">&#x645;&#x639;&#x627;&#x646;&#x64A; &#x62D;&#x631;&#x648;&#x641; &#x627;&#x644;&#x62C;&#x631;.</marc:subfield>
      </marc:datafield>
      <marc:datafield tag="856" ind1="4" ind2=" ">
         <marc:subfield code="u">http://hdl.handle.net/2027/njp.32101035012739</marc:subfield>
      </marc:datafield>
      <marc:datafield tag="948" ind1=" " ind2=" ">
         <marc:subfield code="a">jeb</marc:subfield>
      </marc:datafield>
      <marc:datafield tag="911" ind1=" " ind2=" ">
         <marc:subfield code="a">20000330</marc:subfield>
      </marc:datafield>
      <marc:datafield tag="912" ind1=" " ind2=" ">
         <marc:subfield code="a">20000330040853.0</marc:subfield>
      </marc:datafield>
      <marc:datafield tag="994" ind1=" " ind2=" ">
         <marc:subfield code="a">C0</marc:subfield>
         <marc:subfield code="b">PUL</marc:subfield>
      </marc:datafield>
      <marc:datafield tag="999" ind1=" " ind2=" ">
         <marc:subfield code="a">2850286</marc:subfield>
      </marc:datafield>
   </marc:record>
</marc:collection>
